<record><leader>00000cas a22000007a 4500</leader><controlfield tag="001">28082870</controlfield><controlfield tag="008">930510d19071908okuwr n       0    0eng d</controlfield><datafield ind1=" " ind2=" " tag="010"><subfield code="a">sn 93066028 </subfield></datafield><datafield ind1=" " ind2=" " tag="040"><subfield code="a">OBN</subfield><subfield code="b">eng</subfield><subfield code="c">OBN</subfield><subfield code="d">OCLCQ</subfield></datafield><datafield ind1=" " ind2=" " tag="042"><subfield code="a">msc</subfield></datafield><datafield ind1="0" ind2="4" tag="245"><subfield code="a">The Hurley leader.</subfield></datafield><datafield ind1=" " ind2=" " tag="260"><subfield code="a">Hurley, Cimarron County, Okla. :</subfield><subfield code="b">McKinney &amp; Fisher</subfield></datafield><datafield ind1=" " ind2=" " tag="300"><subfield code="a">v.</subfield></datafield><datafield ind1=" " ind2=" " tag="310"><subfield code="a">Weekly</subfield></datafield><datafield ind1="0" ind2=" " tag="362"><subfield code="a">Vol. 1, no. 1 (Oct. 11, 1907)-v. 1, no. 42 (July 24, 1908).</subfield></datafield><datafield ind1=" " ind2="4" tag="651"><subfield code="a">Hurley (Okla.)</subfield><subfield code="v">Newspapers.</subfield></datafield><datafield ind1=" " ind2="4" tag="651"><subfield code="a">Cimarron County (Okla.)</subfield><subfield code="v">Newspapers.</subfield></datafield><datafield ind1=" " ind2=" " tag="752"><subfield code="a">United States</subfield><subfield code="b">Oklahoma</subfield><subfield code="c">Cimarron</subfield><subfield code="d">Hurley.</subfield></datafield><datafield ind1="0" ind2="0" tag="785"><subfield code="t">Boise City tribune</subfield><subfield code="w">(DLC)sn 93066029</subfield></datafield></record>